@article{DBLP:journals/corr/RajendranCFBCGP17,
  author    = {Sreeraj Rajendran and
               Roberto Calvo{-}Palomino and
               Markus Fuchs and
               Bertold Van den Bergh and
               H{\'{e}}ctor Cordob{\'{e}}s and
               Domenico Giustiniano and
               Sofie Pollin and
               Vincent Lenders},
  title     = {Electrosense: Open and Big Spectrum Data},
  journal   = {CoRR},
  volume    = {abs/1703.09989},
  year      = {2017},
  url       = {http://arxiv.org/abs/1703.09989},
  timestamp = {Wed, 07 Jun 2017 14:42:37 +0200},
  biburl    = {http://dblp.uni-trier.de/rec/bib/journals/corr/RajendranCFBCGP17},
  bibsource = {dblp computer science bibliography, http://dblp.org}
}

@article{DBLP:journals/corr/OSheaH17,
  author    = {Timothy J. O'Shea and
               Jakob Hoydis},
  title     = {An Introduction to Machine Learning Communications Systems},
  journal   = {CoRR},
  volume    = {abs/1702.00832},
  year      = {2017},
  url       = {http://arxiv.org/abs/1702.00832},
  timestamp = {Wed, 07 Jun 2017 14:40:40 +0200},
  biburl    = {http://dblp.uni-trier.de/rec/bib/journals/corr/OSheaH17},
  bibsource = {dblp computer science bibliography, http://dblp.org}
}

@article{DBLP:journals/corr/AbadiABBCCCDDDG16,
  author    = {Mart{\'{\i}}n Abadi and
               Ashish Agarwal and
               Paul Barham and
               Eugene Brevdo and
               Zhifeng Chen and
               Craig Citro and
               Gregory S. Corrado and
               Andy Davis and
               Jeffrey Dean and
               Matthieu Devin and
               Sanjay Ghemawat and
               Ian J. Goodfellow and
               Andrew Harp and
               Geoffrey Irving and
               Michael Isard and
               Yangqing Jia and
               Rafal J{\'{o}}zefowicz and
               Lukasz Kaiser and
               Manjunath Kudlur and
               Josh Levenberg and
               Dan Man{\'{e}} and
               Rajat Monga and
               Sherry Moore and
               Derek Gordon Murray and
               Chris Olah and
               Mike Schuster and
               Jonathon Shlens and
               Benoit Steiner and
               Ilya Sutskever and
               Kunal Talwar and
               Paul A. Tucker and
               Vincent Vanhoucke and
               Vijay Vasudevan and
               Fernanda B. Vi{\'{e}}gas and
               Oriol Vinyals and
               Pete Warden and
               Martin Wattenberg and
               Martin Wicke and
               Yuan Yu and
               Xiaoqiang Zheng},
  title     = {TensorFlow: Large-Scale Machine Learning on Heterogeneous Distributed
               Systems},
  journal   = {CoRR},
  volume    = {abs/1603.04467},
  year      = {2016},
  url       = {http://arxiv.org/abs/1603.04467},
  timestamp = {Wed, 07 Jun 2017 14:40:20 +0200},
  biburl    = {http://dblp.uni-trier.de/rec/bib/journals/corr/AbadiABBCCCDDDG16},
  bibsource = {dblp computer science bibliography, http://dblp.org}
}

@inproceedings{Nurvitadhi:2017:FBG:3020078.3021740,
 author = {Nurvitadhi, Eriko and Venkatesh, Ganesh and Sim, Jaewoong and Marr, Debbie and Huang, Randy and Ong Gee Hock, Jason and Liew, Yeong Tat and Srivatsan, Krishnan and Moss, Duncan and Subhaschandra, Suchit and Boudoukh, Guy},
 title = {Can FPGAs Beat GPUs in Accelerating Next-Generation Deep Neural Networks?},
 booktitle = {Proceedings of the 2017 ACM/SIGDA International Symposium on Field-Programmable Gate Arrays},
 series = {FPGA '17},
 year = {2017},
 isbn = {978-1-4503-4354-1},
 location = {Monterey, California, USA},
 pages = {5--14},
 numpages = {10},
 url = {http://doi.acm.org/10.1145/3020078.3021740},
 doi = {10.1145/3020078.3021740},
 acmid = {3021740},
 publisher = {ACM},
 address = {New York, NY, USA},
 keywords = {FPGA, GPU, accelerator, deep learning, intel stratix 10},
} 

@inproceedings{Putnam:2014:RFA:2665671.2665678,
 author = {Putnam, Andrew and Caulfield, Adrian M. and Chung, Eric S. and Chiou, Derek and Constantinides, Kypros and Demme, John and Esmaeilzadeh, Hadi and Fowers, Jeremy and Gopal, Gopi Prashanth and Gray, Jan and Haselman, Michael and Hauck, Scott and Heil, Stephen and Hormati, Amir and Kim, Joo-Young and Lanka, Sitaram and Larus, James and Peterson, Eric and Pope, Simon and Smith, Aaron and Thong, Jason and Xiao, Phillip Yi and Burger, Doug},
 title = {A Reconfigurable Fabric for Accelerating Large-scale Datacenter Services},
 booktitle = {Proceeding of the 41st Annual International Symposium on Computer Architecuture},
 series = {ISCA '14},
 year = {2014},
 isbn = {978-1-4799-4394-4},
 location = {Minneapolis, Minnesota, USA},
 pages = {13--24},
 numpages = {12},
 url = {http://dl.acm.org/citation.cfm?id=2665671.2665678},
 acmid = {2665678},
 publisher = {IEEE Press},
 address = {Piscataway, NJ, USA},
} 



@article{DBLP:journals/corr/JouppiYPPABBBBB17,
  author    = {Norman P. Jouppi and
               Cliff Young and
               Nishant Patil and
               David Patterson and
               Gaurav Agrawal and
               Raminder Bajwa and
               Sarah Bates and
               Suresh Bhatia and
               Nan Boden and
               Al Borchers and
               Rick Boyle and
               Pierre{-}luc Cantin and
               Clifford Chao and
               Chris Clark and
               Jeremy Coriell and
               Mike Daley and
               Matt Dau and
               Jeffrey Dean and
               Ben Gelb and
               Tara Vazir Ghaemmaghami and
               Rajendra Gottipati and
               William Gulland and
               Robert Hagmann and
               Richard C. Ho and
               Doug Hogberg and
               John Hu and
               Robert Hundt and
               Dan Hurt and
               Julian Ibarz and
               Aaron Jaffey and
               Alek Jaworski and
               Alexander Kaplan and
               Harshit Khaitan and
               Andy Koch and
               Naveen Kumar and
               Steve Lacy and
               James Laudon and
               James Law and
               Diemthu Le and
               Chris Leary and
               Zhuyuan Liu and
               Kyle Lucke and
               Alan Lundin and
               Gordon MacKean and
               Adriana Maggiore and
               Maire Mahony and
               Kieran Miller and
               Rahul Nagarajan and
               Ravi Narayanaswami and
               Ray Ni and
               Kathy Nix and
               Thomas Norrie and
               Mark Omernick and
               Narayana Penukonda and
               Andy Phelps and
               Jonathan Ross and
               Amir Salek and
               Emad Samadiani and
               Chris Severn and
               Gregory Sizikov and
               Matthew Snelham and
               Jed Souter and
               Dan Steinberg and
               Andy Swing and
               Mercedes Tan and
               Gregory Thorson and
               Bo Tian and
               Horia Toma and
               Erick Tuttle and
               Vijay Vasudevan and
               Richard Walter and
               Walter Wang and
               Eric Wilcox and
               Doe Hyun Yoon},
  title     = {In-Datacenter Performance Analysis of a Tensor Processing Unit},
  journal   = {CoRR},
  volume    = {abs/1704.04760},
  year      = {2017},
  url       = {http://arxiv.org/abs/1704.04760},
  timestamp = {Wed, 07 Jun 2017 14:40:18 +0200},
  biburl    = {http://dblp.uni-trier.de/rec/bib/journals/corr/JouppiYPPABBBBB17},
  bibsource = {dblp computer science bibliography, http://dblp.org}
}


