@article{DBLP:journals/corr/SzeCYE17,
  author    = {Vivienne Sze and
               Yu{-}Hsin Chen and
               Tien{-}Ju Yang and
               Joel S. Emer},
  title     = {Efficient Processing of Deep Neural Networks: {A} Tutorial and Survey},
  journal   = {CoRR},
  volume    = {abs/1703.09039},
  year      = {2017},
  url       = {http://arxiv.org/abs/1703.09039},
  timestamp = {Wed, 07 Jun 2017 14:41:40 +0200},
  biburl    = {http://dblp.uni-trier.de/rec/bib/journals/corr/SzeCYE17},
  bibsource = {dblp computer science bibliography, http://dblp.org}
}

@article{DBLP:journals/corr/HanMD15,
  author    = {Song Han and
               Huizi Mao and
               William J. Dally},
  title     = {Deep Compression: Compressing Deep Neural Network with Pruning, Trained
               Quantization and Huffman Coding},
  journal   = {CoRR},
  volume    = {abs/1510.00149},
  year      = {2015},
  url       = {http://arxiv.org/abs/1510.00149},
  timestamp = {Wed, 07 Jun 2017 14:40:25 +0200},
  biburl    = {http://dblp.uni-trier.de/rec/bib/journals/corr/HanMD15},
  bibsource = {dblp computer science bibliography, http://dblp.org}
}
