@article{DBLP:journals/corr/RajendranCFBCGP17,
  author    = {Sreeraj Rajendran and
               Roberto Calvo{-}Palomino and
               Markus Fuchs and
               Bertold Van den Bergh and
               H{\'{e}}ctor Cordob{\'{e}}s and
               Domenico Giustiniano and
               Sofie Pollin and
               Vincent Lenders},
  title     = {Electrosense: Open and Big Spectrum Data},
  journal   = {CoRR},
  volume    = {abs/1703.09989},
  year      = {2017},
  url       = {http://arxiv.org/abs/1703.09989},
  timestamp = {Wed, 07 Jun 2017 14:42:37 +0200},
  biburl    = {http://dblp.uni-trier.de/rec/bib/journals/corr/RajendranCFBCGP17},
  bibsource = {dblp computer science bibliography, http://dblp.org}
}

@article{DBLP:journals/corr/OSheaH17,
  author    = {Timothy J. O'Shea and
               Jakob Hoydis},
  title     = {An Introduction to Machine Learning Communications Systems},
  journal   = {CoRR},
  volume    = {abs/1702.00832},
  year      = {2017},
  url       = {http://arxiv.org/abs/1702.00832},
  timestamp = {Wed, 07 Jun 2017 14:40:40 +0200},
  biburl    = {http://dblp.uni-trier.de/rec/bib/journals/corr/OSheaH17},
  bibsource = {dblp computer science bibliography, http://dblp.org}
}

@article{DBLP:journals/corr/AbadiABBCCCDDDG16,
  author    = {Mart{\'{\i}}n Abadi et al.},
  title     = {TensorFlow: Large-Scale Machine Learning on Heterogeneous Distributed
               Systems},
  journal   = {CoRR},
  volume    = {abs/1603.04467},
  year      = {2016},
  url       = {http://arxiv.org/abs/1603.04467},
  timestamp = {Wed, 07 Jun 2017 14:40:20 +0200},
  biburl    = {http://dblp.uni-trier.de/rec/bib/journals/corr/AbadiABBCCCDDDG16},
  bibsource = {dblp computer science bibliography, http://dblp.org}
}

@inproceedings{Nurvitadhi:2017:FBG:3020078.3021740,
 author = {Nurvitadhi et al.},
 title = {Can FPGAs Beat GPUs in Accelerating Next-Generation Deep Neural Networks?},
 booktitle = {Proceedings of the 2017 ACM/SIGDA International Symposium on Field-Programmable Gate Arrays},
 series = {FPGA '17},
 year = {2017},
 isbn = {978-1-4503-4354-1},
 location = {Monterey, California, USA},
 pages = {5--14},
 numpages = {10},
 url = {http://doi.acm.org/10.1145/3020078.3021740},
 doi = {10.1145/3020078.3021740},
 acmid = {3021740},
 publisher = {ACM},
 address = {New York, NY, USA},
 keywords = {FPGA, GPU, accelerator, deep learning, intel stratix 10},
} 

@inproceedings{Putnam:2014:RFA:2665671.2665678,
 author = {Putnam et al.},
 title = {A Reconfigurable Fabric for Accelerating Large-scale Datacenter Services},
 booktitle = {Proceeding of the 41st Annual International Symposium on Computer Architecuture},
 series = {ISCA '14},
 year = {2014},
 isbn = {978-1-4799-4394-4},
 location = {Minneapolis, Minnesota, USA},
 pages = {13--24},
 numpages = {12},
 url = {http://dl.acm.org/citation.cfm?id=2665671.2665678},
 acmid = {2665678},
 publisher = {IEEE Press},
 address = {Piscataway, NJ, USA},
} 



@article{DBLP:journals/corr/JouppiYPPABBBBB17,
  author    = {Norman P. Jouppi et al.},
  title     = {In-Datacenter Performance Analysis of a Tensor Processing Unit},
  journal   = {CoRR},
  volume    = {abs/1704.04760},
  year      = {2017},
  url       = {http://arxiv.org/abs/1704.04760},
  timestamp = {Wed, 07 Jun 2017 14:40:18 +0200},
  biburl    = {http://dblp.uni-trier.de/rec/bib/journals/corr/JouppiYPPABBBBB17},
  bibsource = {dblp computer science bibliography, http://dblp.org}
}

@article{DBLP:journals/corr/SzeCYE17,
  author    = {Vivienne Sze and
               Yu{-}Hsin Chen and
               Tien{-}Ju Yang and
               Joel S. Emer},
  title     = {Efficient Processing of Deep Neural Networks: {A} Tutorial and Survey},
  journal   = {CoRR},
  volume    = {abs/1703.09039},
  year      = {2017},
  url       = {http://arxiv.org/abs/1703.09039},
  timestamp = {Wed, 07 Jun 2017 14:41:40 +0200},
  biburl    = {http://dblp.uni-trier.de/rec/bib/journals/corr/SzeCYE17},
  bibsource = {dblp computer science bibliography, http://dblp.org}
}

@article{Duhamel:1990:FFT:78772.78773,
 author = {Duhamel, P. and Vetterli, M.},
 title = {Fast Fourier Transforms: A Tutorial Review and a State of the Art},
 journal = {Signal Process.},
 issue_date = {April 1990},
 volume = {19},
 number = {4},
 month = apr,
 year = {1990},
 issn = {0165-1684},
 pages = {259--299},
 numpages = {41},
 url = {http://dx.doi.org/10.1016/0165-1684(90)90158-U},
 doi = {10.1016/0165-1684(90)90158-U},
 acmid = {78773},
 publisher = {Elsevier North-Holland, Inc.},
 address = {Amsterdam, The Netherlands, The Netherlands},
} 

@article{Winograd,
 author = {S. Winograd},
 title = {On computing the discrete Fourier transform},
 journal = {Math. Computation},
 volume = {32},
 number = {1},
 pages = {175--199},
 month = jan,
 year = {1978},
}

@inproceedings{Yavne:1968:EMC:1476589.1476610,
 author = {Yavne, R.},
 title = {An Economical Method for Calculating the Discrete Fourier Transform},
 booktitle = {Proceedings of the December 9-11, 1968, Fall Joint Computer Conference, Part I},
 series = {AFIPS '68 (Fall, part I)},
 year = {1968},
 location = {San Francisco, California},
 pages = {115--125},
 numpages = {11},
 url = {http://doi.acm.org/10.1145/1476589.1476610},
 doi = {10.1145/1476589.1476610},
 acmid = {1476610},
 publisher = {ACM},
 address = {New York, NY, USA},
} 

@article{Bergland:1968:NAF:364096.364118,
 author = {Bergland, Glenn D.},
 title = {Numerical Analysis: A Fast Fourier Transform Algorithm for Real-valued Series},
 journal = {Commun. ACM},
 issue_date = {Oct. 1968},
 volume = {11},
 number = {10},
 month = oct,
 year = {1968},
 issn = {0001-0782},
 pages = {703--710},
 numpages = {8},
 url = {http://doi.acm.org/10.1145/364096.364118},
 doi = {10.1145/364096.364118},
 acmid = {364118},
 publisher = {ACM},
 address = {New York, NY, USA},
 keywords = {Fourier analysis, Fourier analysis algorithm, Fourier synthesis algorithm, digital filtering, digital spectrum analysis, discrete Fourier transform, fast Fourier transform, real-time spectrum analyzers, spectral analysis, time series analysis},
} 

@article{DBLP:journals/corr/TrabelsiBSSSMRB17,
  author    = {Chiheb Trabelsi and
               Olexa Bilaniuk and
               Dmitriy Serdyuk and
               Sandeep Subramanian and
               Jo{\~{a}}o Felipe Santos and
               Soroush Mehri and
               Negar Rostamzadeh and
               Yoshua Bengio and
               Christopher J. Pal},
  title     = {Deep Complex Networks},
  journal   = {CoRR},
  volume    = {abs/1705.09792},
  year      = {2017},
  url       = {http://arxiv.org/abs/1705.09792},
  timestamp = {Wed, 07 Jun 2017 14:40:14 +0200},
  biburl    = {http://dblp.uni-trier.de/rec/bib/journals/corr/TrabelsiBSSSMRB17},
  bibsource = {dblp computer science bibliography, http://dblp.org}
}

@inproceedings{Jackson,
 author = {Preston Jackson and
           Cy Chan and
           Charles Rader and
           Jonathan Scalera and
           Michael Vai},
 booktitle = {A Systollic FFT Architecture for Real Time FPGA Systems},
 journal = {HPEC},
 month = sep,
 year = {2004},
}

@inproceedings{Coppersmith:1987:MMV:28395.28396,
 author = {Coppersmith, D. and Winograd, S.},
 title = {Matrix Multiplication via Arithmetic Progressions},
 booktitle = {Proceedings of the Nineteenth Annual ACM Symposium on Theory of Computing},
 series = {STOC '87},
 year = {1987},
 isbn = {0-89791-221-7},
 location = {New York, New York, USA},
 pages = {1--6},
 numpages = {6},
 url = {http://doi.acm.org/10.1145/28395.28396},
 doi = {10.1145/28395.28396},
 acmid = {28396},
 publisher = {ACM},
 address = {New York, NY, USA},
} 

@article{DBLP:journals/corr/ChetlurWVCTCS14,
  author    = {Sharan Chetlur and
               Cliff Woolley and
               Philippe Vandermersch and
               Jonathan Cohen and
               John Tran and
               Bryan Catanzaro and
               Evan Shelhamer},
  title     = {cuDNN: Efficient Primitives for Deep Learning},
  journal   = {CoRR},
  volume    = {abs/1410.0759},
  year      = {2014},
  url       = {http://arxiv.org/abs/1410.0759},
  timestamp = {Wed, 07 Jun 2017 14:40:09 +0200},
  biburl    = {http://dblp.uni-trier.de/rec/bib/journals/corr/ChetlurWVCTCS14},
  bibsource = {dblp computer science bibliography, http://dblp.org}
}

@article{DBLP:journals/corr/HanMD15,
  author    = {Song Han and
               Huizi Mao and
               William J. Dally},
  title     = {Deep Compression: Compressing Deep Neural Network with Pruning, Trained
               Quantization and Huffman Coding},
  journal   = {CoRR},
  volume    = {abs/1510.00149},
  year      = {2015},
  url       = {http://arxiv.org/abs/1510.00149},
  timestamp = {Wed, 07 Jun 2017 14:40:25 +0200},
  biburl    = {http://dblp.uni-trier.de/rec/bib/journals/corr/HanMD15},
  bibsource = {dblp computer science bibliography, http://dblp.org}
}

@article{DBLP:journals/corr/CourbariauxB16,
  author    = {Matthieu Courbariaux and
               Yoshua Bengio},
  title     = {BinaryNet: Training Deep Neural Networks with Weights and Activations
               Constrained to +1 or -1},
  journal   = {CoRR},
  volume    = {abs/1602.02830},
  year      = {2016},
  url       = {http://arxiv.org/abs/1602.02830},
  timestamp = {Wed, 07 Jun 2017 14:40:37 +0200},
  biburl    = {http://dblp.uni-trier.de/rec/bib/journals/corr/CourbariauxB16},
  bibsource = {dblp computer science bibliography, http://dblp.org}
}

@incollection{Cun:1990:OBD:109230.109298,
 author = {Cun, Yann Le and Denker, John S. and Solla, Sara A.},
 chapter = {Optimal Brain Damage},
 title = {Advances in Neural Information Processing Systems 2},
 editor = {Touretzky, David S.},
 year = {1990},
 isbn = {1-55860-100-7},
 pages = {598--605},
 numpages = {8},
 url = {http://dl.acm.org/citation.cfm?id=109230.109298},
 acmid = {109298},
 publisher = {Morgan Kaufmann Publishers Inc.},
 address = {San Francisco, CA, USA},
} 

@inproceedings{Hassibi:1993:OBS:2987189.2987223,
 author = {Hassibi, Babak and Stork, David G. and Wolff, Gregory and Watanabe, Takahiro},
 title = {Optimal Brain Surgeon: Extensions and Performance Comparisons},
 booktitle = {Proceedings of the 6th International Conference on Neural Information Processing Systems},
 series = {NIPS'93},
 year = {1993},
 location = {Denver, Colorado},
 pages = {263--270},
 numpages = {8},
 url = {http://dl.acm.org/citation.cfm?id=2987189.2987223},
 acmid = {2987223},
 publisher = {Morgan Kaufmann Publishers Inc.},
 address = {San Francisco, CA, USA},
} 

@article{Horowitz,
author = {Horowitz, Mark},
year = {2014},
month = {02},
pages = {10-14},
title = {1.1 Computing's energy problem (and what we can do about it)},
journal = {ISSCC},
volume = {57},
isbn = {978-1-4799-0920-9},
booktitle = {Digest of Technical Papers - IEEE International Solid-State Circuits Conference}
}

@article{PASCAL,
author = {T. P. Morgan},
year = {2016},
month = sep,
title = {Nvidia Pushes Deep Learning Inference With New Pascal GPUs},
}

@article{DBLP:journals/corr/HanPTD15,
  author    = {Song Han and
               Jeff Pool and
               John Tran and
               William J. Dally},
  title     = {Learning both Weights and Connections for Efficient Neural Networks},
  journal   = {CoRR},
  volume    = {abs/1506.02626},
  year      = {2015},
  url       = {http://arxiv.org/abs/1506.02626},
  timestamp = {Wed, 07 Jun 2017 14:40:54 +0200},
  biburl    = {http://dblp.uni-trier.de/rec/bib/journals/corr/HanPTD15},
  bibsource = {dblp computer science bibliography, http://dblp.org}
}

@article{DBLP:journals/corr/YangCS16a,
  author    = {Tien{-}Ju Yang and
               Yu{-}Hsin Chen and
               Vivienne Sze},
  title     = {Designing Energy-Efficient Convolutional Neural Networks using Energy-Aware
               Pruning},
  journal   = {CoRR},
  volume    = {abs/1611.05128},
  year      = {2016},
  url       = {http://arxiv.org/abs/1611.05128},
  timestamp = {Wed, 07 Jun 2017 14:42:06 +0200},
  biburl    = {http://dblp.uni-trier.de/rec/bib/journals/corr/YangCS16a},
  bibsource = {dblp computer science bibliography, http://dblp.org}
}

@article{Yu:2017:SCD:3140659.3080215,
 author = {Yu, Jiecao and Lukefahr, Andrew and Palframan, David and Dasika, Ganesh and Das, Reetuparna and Mahlke, Scott},
 title = {Scalpel: Customizing DNN Pruning to the Underlying Hardware Parallelism},
 journal = {SIGARCH Comput. Archit. News},
 issue_date = {May 2017},
 volume = {45},
 number = {2},
 month = jun,
 year = {2017},
 issn = {0163-5964},
 pages = {548--560},
 numpages = {13},
 url = {http://doi.acm.org/10.1145/3140659.3080215},
 doi = {10.1145/3140659.3080215},
 acmid = {3080215},
 publisher = {ACM},
 address = {New York, NY, USA},
 keywords = {hardware parallelism, multiple data, neural network pruning, single instruction},
} 

@inproceedings{Chen:2016:ESA:3001136.3001177,
 author = {Chen, Yu-Hsin and Emer, Joel and Sze, Vivienne},
 title = {Eyeriss: A Spatial Architecture for Energy-efficient Dataflow for Convolutional Neural Networks},
 booktitle = {Proceedings of the 43rd International Symposium on Computer Architecture},
 series = {ISCA '16},
 year = {2016},
 isbn = {978-1-4673-8947-1},
 location = {Seoul, Republic of Korea},
 pages = {367--379},
 numpages = {13},
 url = {https://doi.org/10.1109/ISCA.2016.40},
 doi = {10.1109/ISCA.2016.40},
 acmid = {3001177},
 publisher = {IEEE Press},
 address = {Piscataway, NJ, USA},
} 
